@inproceedings{matas02,
  address = {London},
  author = {Matas, J. and Chum, O. and Martin, U. and Pajdla, T.},
  booktitle = {Proceedings of British Machine Vision Conference},
  journal = {Proceedings of British Machine Vision Conference},
  pages = {384--393},
  title = {{Robust wide baseline stereo from maximally stable extremal regions}},
  volume = {1},
  year = {2002}
}

@inbook{Nister_Stewenius_2008, 
  title={Linear Time Maximally Stable Extremal Regions},
  volume={5303},
  booktitle={Proc 10th European Conf on Computer Vision},
  publisher={Springer},
  author={Nistér, David and Stewénius, Henrik},
  editor={Forsyth, David and Torr, Philip and Zisserman, AndrewEditors},
  year={2008},
  pages={183-196}
}

@article{ismatch,
  AUTHOR = "Donoser, M. and Riemenschneider, H. and Bischof, H.",
  TITLE = "Efficient Partial Shape Matching of Outer Contours",
  BOOKTITLE = "ACCV09",
  YEAR = "2009",
  PAGES = "I: 281-292",
}

@article{mser_tracking,
  author = {Michael Donoser and Hayko Riemenschneider and Horst Bischof},
  title = {Shape Guided Maximally Stable Extremal Region (MSER) Tracking},
  journal ={Pattern Recognition, International Conference on},
  volume = {0},
  year = {2010},
  pages = {1800-1803},
  publisher = {IEEE Computer Society},
  address = {Los Alamitos, CA, USA},
}
